<?xml version="1.0" encoding="utf-8"?>
<record xmlns="http://www.loc.gov/MARC21/slim" xmlns:xsi="http://www.w3.org/2001/XMLSchema-instance" xsi:schemaLocation="http://www.loc.gov/MARC21/slim http://www.loc.gov/standards/marcxml/schema/MARC21slim.xsd">
	<leader>     nam a22        4500</leader>
	<controlfield tag="001">3122228</controlfield>
	<controlfield tag="003">NNC</controlfield>
	<controlfield tag="006">m        d        </controlfield>
	<controlfield tag="007">cr cn |||m|||a</controlfield>
	<controlfield tag="008">150505m18701872ua      o     000 0dara d</controlfield>
	<datafield ind1=" " ind2=" " tag="040">
		<subfield code="a">NNU</subfield>
		<subfield code="b">eng</subfield>
		<subfield code="e">rda</subfield>
		<subfield code="c">NNU</subfield>
	</datafield>
	<datafield ind1=" " ind2="4" tag="050">
		<subfield code="a">D152</subfield>
		<subfield code="b">.A25 1871</subfield>
	</datafield>
	<datafield ind1=" " ind2="4" tag="050">
		<subfield code="a">PJ7805</subfield>
		<subfield code="b">.A2</subfield>
	</datafield>
	<datafield ind1="1" ind2=" " tag="100">
		<subfield code="6">880-01</subfield>
		<subfield code="a">Abū Shāmah, ʻAbd al-Raḥmān ibn Ismāʻīl,</subfield>
		<subfield code="d">1203-1267.</subfield>
	</datafield>
	<datafield ind1="1" ind2="0" tag="240">
		<subfield code="6">880-02</subfield>
		<subfield code="a">Rawḍatain fī akhbār al-dawlatain</subfield>
	</datafield>
	<datafield ind1="1" ind2="0" tag="245">
		<subfield code="6">880-03</subfield>
		<subfield code="a">Kitāb al-rawḍatain fī akhbār al-dawlatain /</subfield>
		<subfield code="c">taʼlīf Shihāb al-Dīn Abī Muḥammad ʻAbd al-Raḥmān ibn Ismāʻīl ibn Ibrāhīm al-Maqdisī al-Shāfiʻī.</subfield>
	</datafield>
	<datafield ind1=" " ind2=" " tag="250">
		<subfield code="6">880-04</subfield>
		<subfield code="a">Ṭabʻah jadīdah.</subfield>
	</datafield>
	<datafield ind1=" " ind2=" " tag="260">
		<subfield code="6">880-05</subfield>
		<subfield code="a">al-Qāhirah :</subfield>
		<subfield code="b">Maṭbaʻat Wādī al-Nīl,</subfield>
		<subfield code="c">1287-88. [1870 or 71-1871 or 72]</subfield>
	</datafield>
	<datafield ind1=" " ind2=" " tag="300">
		<subfield code="a">online resource (2 volumes in 1.)</subfield>
	</datafield>
	<datafield ind1=" " ind2=" " tag="336">
		<subfield code="a">text</subfield>
		<subfield code="2">rdacontent</subfield>
	</datafield>
	<datafield ind1=" " ind2=" " tag="337">
		<subfield code="a">computer</subfield>
		<subfield code="2">rdamedia</subfield>
	</datafield>
	<datafield ind1=" " ind2=" " tag="338">
		<subfield code="a">online resource</subfield>
		<subfield code="2">rdacarrier</subfield>
	</datafield>
	<datafield ind1=" " ind2=" " tag="500">
		<subfield code="a">A history of the reigns of sultans Nūr al-Dīn and Ṣalāḥ al-Dīn, including a reproduction, almost in its entirety of the biography of Ṣalāḥ al-Dīn by Ibn Abī Taiyʻ--cf. Encyclopaedia of Islam.</subfield>
	</datafield>
	<datafield ind1=" " ind2=" " tag="500">
		<subfield code="a">Part of the Arabic Collections Online (ACO) project, contributed by Columbia University Libraries.</subfield>
	</datafield>
	<datafield ind1=" " ind2=" " tag="533">
		<subfield code="a">Electronic reproduction.</subfield>
		<subfield code="b">New York, N.Y. :</subfield>
		<subfield code="c">New York University,</subfield>
		<subfield code="d">2015.</subfield>
		<subfield code="5">NNU</subfield>
	</datafield>
	<datafield ind1="0" ind2="0" tag="600">
		<subfield code="a">Saladin,</subfield>
		<subfield code="c">Sultan of Egypt and Syria,</subfield>
		<subfield code="d">1137-1193.</subfield>
	</datafield>
	<datafield ind1="0" ind2="0" tag="600">
		<subfield code="a">Nūr al-Dīn,</subfield>
		<subfield code="c">Atabeg of Syria,</subfield>
		<subfield code="d">1118-1174.</subfield>
	</datafield>
	<datafield ind1=" " ind2="0" tag="650">
		<subfield code="a">Crusades</subfield>
		<subfield code="v">Sources.</subfield>
	</datafield>
	<datafield ind1="0" ind2="7" tag="600">
		<subfield code="a">Nūr al-Dīn,</subfield>
		<subfield code="c">Atabeg of Syria,</subfield>
		<subfield code="d">1118-1174</subfield>
		<subfield code="2">fast</subfield>
		<subfield code="0">(OCoLC)fst00135123</subfield>
	</datafield>
	<datafield ind1="0" ind2="7" tag="600">
		<subfield code="a">Saladin,</subfield>
		<subfield code="c">Sultan of Egypt and Syria,</subfield>
		<subfield code="d">1137-1193</subfield>
		<subfield code="2">fast</subfield>
		<subfield code="0">(OCoLC)fst00103416</subfield>
	</datafield>
	<datafield ind1=" " ind2="7" tag="650">
		<subfield code="a">Crusades.</subfield>
		<subfield code="2">fast</subfield>
		<subfield code="0">(OCoLC)fst00884401</subfield>
	</datafield>
	<datafield ind1=" " ind2="7" tag="655">
		<subfield code="a">Sources.</subfield>
		<subfield code="2">fast</subfield>
		<subfield code="0">(OCoLC)fst01423900</subfield>
	</datafield>
	<datafield ind1="0" ind2=" " tag="700">
		<subfield code="6">880-06</subfield>
		<subfield code="a">Ibn Abī Ṭaiyʻ.</subfield>
	</datafield>
	<datafield ind1="2" ind2=" " tag="710">
		<subfield code="a">Columbia University.</subfield>
		<subfield code="b">Libraries.</subfield>
	</datafield>
	<datafield ind1="0" ind2=" " tag="730">
		<subfield code="a">Arabic Collections Online.</subfield>
	</datafield>
	<datafield ind1="0" ind2="8" tag="776">
		<subfield code="i">Online version:</subfield>
		<subfield code="a">Abū Shāmah, ʻAbd al-Raḥmān ibn Ismāʻīl, 1203-1267.</subfield>
		<subfield code="s">Rawḍatain fī akhbār al-dawlatain.</subfield>
		<subfield code="t">Kitāb al-rawḍatain fī akhbār al-dawlatain.</subfield>
		<subfield code="b">Ṭabʻah jadīdah.</subfield>
		<subfield code="d">al-Qāhirah : Maṭbaʻat Wādī al-Nīl, 1287-88. [1870 or 71-1871 or 72]</subfield>
		<subfield code="w">(OCoLC)891851368</subfield>
	</datafield>
	<datafield ind1="0" ind2="8" tag="776">
		<subfield code="i">Print version:</subfield>
		<subfield code="a">Abū Shāmah, ʻAbd al-Raḥmān ibn Ismāʻīl, 1203-1267.</subfield>
		<subfield code="t">Kitāb al-rawḍatain fī akhbār al-dawlatain</subfield>
		<subfield code="w">(NNC)3122228</subfield>
		<subfield code="w">(OCoLC)31618357</subfield>
	</datafield>
	<datafield ind1="4" ind2="0" tag="856">
		<subfield code="u">http://hdl.handle.net/2333.1/9zw3r3w1</subfield>
	</datafield>
	<datafield ind1="1" ind2=" " tag="880">
		<subfield code="6">100-01/r</subfield>
		<subfield code="a">ابو شامة، عبد الرحمن بن اسماعيل،,</subfield>
		<subfield code="d">1203-1267.</subfield>
	</datafield>
	<datafield ind1="1" ind2="0" tag="880">
		<subfield code="6">240-02/r</subfield>
		<subfield code="a">روضتن في اخبار الدولتن</subfield>
	</datafield>
	<datafield ind1="1" ind2="0" tag="880">
		<subfield code="6">245-03/r</subfield>
		<subfield code="a">كتاب الروضتن في اخبار الدولتن /</subfield>
		<subfield code="c">تأليف شهاب الدين ابي محمد عبد الرحمن بن اسماعيل بن ابراهيم المقدسي الشافعي.</subfield>
	</datafield>
	<datafield ind1=" " ind2=" " tag="880">
		<subfield code="6">250-04/r</subfield>
		<subfield code="a">طبعة جديدة.</subfield>
	</datafield>
	<datafield ind1=" " ind2=" " tag="880">
		<subfield code="6">260-05/r</subfield>
		<subfield code="a">القاهرة :</subfield>
		<subfield code="b">مطبعة وادي النيل،</subfield>
		<subfield code="c">1287-88. [1870 or 71-1871 or 72]</subfield>
	</datafield>
	<datafield ind1="0" ind2=" " tag="880">
		<subfield code="6">700-06/r</subfield>
		<subfield code="a">ابن ابي طيع.</subfield>
	</datafield>
	<datafield ind1=" " ind2=" " tag="959">
		<subfield code="a">NNU</subfield>
		<subfield code="b">WEB</subfield>
		<subfield code="c">GENI</subfield>
		<subfield code="t">0</subfield>
		<subfield code="m">Electronic access</subfield>
		<subfield code="s">01</subfield>
	</datafield>
	<datafield ind1=" " ind2=" " tag="999">
		<subfield code="i">NNC_3122228</subfield>
		<subfield code="o">(OCoLC)31618357</subfield>
		<subfield code="e">OK</subfield>
		<subfield code="s">columbia_aco000012</subfield>
	</datafield>
</record>
